@article{gap20,
author = {Rowe,Patrick  and Deringer,Volker L.  and Gasparotto,Piero  and Csányi,Gábor  and Michaelides,Angelos },
title = {An accurate and transferable machine learning potential for carbon},
journal = {The Journal of Chemical Physics},
volume = {153},
number = {3},
pages = {034702},
year = {2020},
doi = {10.1063/5.0005084},

URL = { https://doi.org/10.1063/5.0005084},
eprint = { https://doi.org/10.1063/5.0005084}
}

@article{quip,
  title   = "Expressive Programming for Computational Physics in Fortran 95+",
  author  = "Cs{\'a}nyi, G{\'a}bor and Winfield, Steven and Kermode, J R and De
             Vita, A and Comisso, Alessio and Bernstein, Noam and Payne,
             Michael C",
  journal = "IoP Comput. Phys. Newsletter",
  pages   = "Spring 2007",
  year    =  2007
}

@article{dunn,
  title   = "Uncertainty quantification in molecular simulations with dropout neural network potentials",
  author  = "Mingjian Wen and Ellad B. Tadmor",
  journal = "npj Computational Materials",
  year    =  2020
}

@article{dgl,
      title={Deep Graph Library: A Graph-Centric, Highly-Performant Package for Graph Neural Networks}, 
      author={Minjie Wang and Da Zheng and Zihao Ye and Quan Gan and Mufei Li and Xiang Song and Jinjing Zhou and Chao Ma and Lingfan Yu and Yu Gai and Tianjun Xiao and Tong He and George Karypis and Jinyang Li and Zheng Zhang},
      year={2020},
      eprint={1909.01315},
      archivePrefix={arXiv},
      primaryClass={cs.LG}
}

@article{dgllife,
    title={DGL-LifeSci: An Open-Source Toolkit for Deep Learning on Graphs in Life Science},
    author={Mufei Li and Jinjing Zhou and Jiajing Hu and Wenxuan Fan and Yangkang Zhang and Yaxin Gu and George Karypis},
    year={2021},
    journal = {ACS Omega}
}